@inproceedings{veach1997metropolis,
  title={Metropolis light transport},
  author={Veach, Eric and Guibas, Leonidas J},
  booktitle={Proceedings of the 24th annual conference on Computer graphics and interactive techniques},
  pages={65--76},
  year={1997},
  organization={ACM Press/Addison-Wesley Publishing Co.}
}

@article{metropolis1953equation,
	title={Equation of state calculations by fast computing machines},
	author={Metropolis, Nicholas and Rosenbluth, Arianna W and Rosenbluth, Marshall N and Teller, Augusta H and Teller, Edward},
	journal={The journal of chemical physics},
	volume={21},
	number={6},
	pages={1087--1092},
	year={1953},
	publisher={AIP}
}

@article{hastings1970monte,
	title={Monte Carlo sampling methods using Markov chains and their applications},
	author={Hastings, W Keith},
	journal={Biometrika},
	volume={57},
	number={1},
	pages={97--109},
	year={1970},
	publisher={Biometrika Trust}
}